@article{kosala2000web,
  title={Web mining research: A survey},
  author={Kosala, Raymond and Blockeel, Hendrik},
  journal={ACM Sigkdd Explorations Newsletter},
  volume={2},
  number={1},
  pages={1--15},
  year={2000},
  publisher={ACM}
}

@article{qi2009web,
  title={Web page classification: Features and algorithms},
  author={Qi, Xiaoguang and Davison, Brian D},
  journal={ACM computing surveys (CSUR)},
  volume={41},
  number={2},
  pages={12},
  year={2009},
  publisher={ACM}
}

@techreport{de1997brief,
  title={A brief introduction to neural networks},
  author={De Veaux, Richard D and Ungar, Lyle H},
  year={1997},
  institution={Technical Report, Williams College, Williamstown, MA}
}

@article{lek1999artificial,
  title={Artificial neural networks as a tool in ecological modelling, an introduction},
  author={Lek, Sovan and Gu{\'e}gan, Jean-Fran{\c{c}}ois},
  journal={Ecological modelling},
  volume={120},
  number={2},
  pages={65--73},
  year={1999},
  publisher={Elsevier}
}

@misc{fiittext,
  title = {FIIT STU - Spracovanie Textu},
  howpublished = {\url{http://text.fiit.stuba.sk/#sekcia-lematizacia-a-stemovanie}},
  note = {Accessed: 2017-04-08}
}